@inproceedings{r1,
  title={Comparison of Commonly Used Image Interpolation Methods},
  author={Dianyuan Han},
  year={2013/03},
  booktitle={Proceedings of the 2nd International Conference on Computer Science and Electronics Engineering (ICCSEE 2013)},
  issn={1951-6851},
  isbn={978-90-78677-61-1},
  url={https://doi.org/10.2991/iccsee.2013.391},
  doi={10.2991/iccsee.2013.391},
  publisher={Atlantis Press}
}
@article{r2,
  author       = {Chao Dong and
                  Chen Change Loy and
                  Kaiming He and
                  Xiaoou Tang},
  title        = {Image Super-Resolution Using Deep Convolutional Networks},
  journal      = {CoRR},
  volume       = {abs/1501.00092},
  year         = {2015}
}
@article{r3,
  author       = {Christian Ledig and
                  Lucas Theis and
                  Ferenc Huszar and
                  Jose Caballero and
                  Andrew P. Aitken and
                  Alykhan Tejani and
                  Johannes Totz and
                  Zehan Wang and
                  Wenzhe Shi},
  title        = {Photo-Realistic Single Image Super-Resolution Using a Generative Adversarial
                  Network},
  journal      = {CoRR},
  volume       = {abs/1609.04802},
  year         = {2016},
  url          = {http://arxiv.org/abs/1609.04802},
  eprinttype    = {arXiv},
  eprint       = {1609.04802},
  timestamp    = {Mon, 13 Aug 2018 16:48:38 +0200},
  biburl       = {https://dblp.org/rec/journals/corr/LedigTHCATTWS16.bib},
  bibsource    = {dblp computer science bibliography, https://dblp.org}
}
